@manual{Sage,
  key      = {Sage},
  author   = {W.\thinspace{}A. Stein and others},
  organization = {The Sage Development Team},
  title    = {{S}age {M}athematics {S}oftware ({V}ersion 5.8)},
  note     = {Download from \url{http://www.sagemath.org} or use online at  \url{http://www.sagenb.org}},
  year     = {2013},
}
@book{Hamp2009,
    author = {Marshall Hampton},
    title = {A {M}athematical {C}oloring {B}ook},
    date = {2009},
    note = {\url{http://www.d.umn.edu/~mhampton/mathcolor17b.pdf}},
}
